%YAML 1.1
%TAG !u! tag:unity3d.com,2011:
--- !u!1 &1000010559092072
GameObject:
  m_ObjectHideFlags: 0
  m_CorrespondingSourceObject: {fileID: 0}
  m_PrefabInstance: {fileID: 0}
  m_PrefabAsset: {fileID: 0}
  serializedVersion: 6
  m_Component:
  - component: {fileID: 4000014284541202}
  - component: {fileID: 33000010209628282}
  - component: {fileID: 23000012953169758}
  - component: {fileID: 135137898680780780}
  - component: {fileID: 114793438919815886}
  m_Layer: 0
  m_Name: FlowerBlue
  m_TagString: Heap
  m_Icon: {fileID: 0}
  m_NavMeshLayer: 0
  m_StaticEditorFlags: 0
  m_IsActive: 1
--- !u!4 &4000014284541202
Transform:
  m_ObjectHideFlags: 0
  m_CorrespondingSourceObject: {fileID: 0}
  m_PrefabInstance: {fileID: 0}
  m_PrefabAsset: {fileID: 0}
  m_GameObject: {fileID: 1000010559092072}
  m_LocalRotation: {x: -1.5529407e-22, y: -1, z: 0.00000004371139, w: -0.00000016292068}
  m_LocalPosition: {x: 46.020065, y: 2.2200017, z: 41.610016}
  m_LocalScale: {x: 1, y: 1, z: 1}
  m_Children: []
  m_Father: {fileID: 0}
  m_RootOrder: 0
  m_LocalEulerAnglesHint: {x: 0, y: 0, z: 0}
--- !u!33 &33000010209628282
MeshFilter:
  m_ObjectHideFlags: 0
  m_CorrespondingSourceObject: {fileID: 0}
  m_PrefabInstance: {fileID: 0}
  m_PrefabAsset: {fileID: 0}
  m_GameObject: {fileID: 1000010559092072}
  m_Mesh: {fileID: 4300006, guid: 635f0d7ccbad13e47b2aa77c3086b992, type: 3}
--- !u!23 &23000012953169758
MeshRenderer:
  m_ObjectHideFlags: 0
  m_CorrespondingSourceObject: {fileID: 0}
  m_PrefabInstance: {fileID: 0}
  m_PrefabAsset: {fileID: 0}
  m_GameObject: {fileID: 1000010559092072}
  m_Enabled: 1
  m_CastShadows: 1
  m_ReceiveShadows: 1
  m_DynamicOccludee: 1
  m_MotionVectors: 1
  m_LightProbeUsage: 1
  m_ReflectionProbeUsage: 1
  m_RayTracingMode: 2
  m_RenderingLayerMask: 1
  m_RendererPriority: 0
  m_Materials:
  - {fileID: 2100000, guid: 70b83b98e5793e943b4f8ec77e8a9d1b, type: 2}
  m_StaticBatchInfo:
    firstSubMesh: 0
    subMeshCount: 0
  m_StaticBatchRoot: {fileID: 0}
  m_ProbeAnchor: {fileID: 0}
  m_LightProbeVolumeOverride: {fileID: 0}
  m_ScaleInLightmap: 1
  m_ReceiveGI: 1
  m_PreserveUVs: 0
  m_IgnoreNormalsForChartDetection: 0
  m_ImportantGI: 0
  m_StitchLightmapSeams: 1
  m_SelectedEditorRenderState: 3
  m_MinimumChartSize: 4
  m_AutoUVMaxDistance: 0.5
  m_AutoUVMaxAngle: 89
  m_LightmapParameters: {fileID: 0}
  m_SortingLayerID: 0
  m_SortingLayer: 0
  m_SortingOrder: 0
--- !u!135 &135137898680780780
SphereCollider:
  m_ObjectHideFlags: 0
  m_CorrespondingSourceObject: {fileID: 0}
  m_PrefabInstance: {fileID: 0}
  m_PrefabAsset: {fileID: 0}
  m_GameObject: {fileID: 1000010559092072}
  m_Material: {fileID: 0}
  m_IsTrigger: 0
  m_Enabled: 1
  serializedVersion: 2
  m_Radius: 1.25
  m_Center: {x: -0.0000011920929, y: -0.2, z: 0}
--- !u!114 &114793438919815886
MonoBehaviour:
  m_ObjectHideFlags: 0
  m_CorrespondingSourceObject: {fileID: 0}
  m_PrefabInstance: {fileID: 0}
  m_PrefabAsset: {fileID: 0}
  m_GameObject: {fileID: 1000010559092072}
  m_Enabled: 1
  m_EditorHideFlags: 0
  m_Script: {fileID: 11500000, guid: 3f3a9f2e189f5664fb2a2205590115bb, type: 3}
  m_Name: 
  m_EditorClassIdentifier: 
  GOD: {fileID: 0}
  ObjectTag: 
  HP: 0
  maxHP: 0
  CollectionResCount: 0
  CollectionResName1: 
  CollectionResName2: 
  CollectionResNumber1: 0
  CollectionResNumber2: 0
  ExtractionResCount: 0
  ExtractionResName1: 
  ExtractionResName2: 
  ExtractionResName3: 
  ExtractionResNumber1: 0
  ExtractionResNumber2: 0
  ExtractionResNumber3: 0
  RecoveryTime: 0
  anim: {fileID: 0}
  mapUpdateRenderer: {fileID: 0}
  MapUpdate: {fileID: 0}
  CrystallEffect: {fileID: 0}
